% Encoding: UTF-8

@Article{Beispielauthor2021,
  author  = {Beispielauthor, B.},
  title   = {Beispieltitel},
  journal = {Beispieljournal},
  year    = {2021},
  volume  = {1},
  number  = {1},
  pages   = {12-34},
  month   = {12},
}

@Comment{jabref-meta: databaseType:bibtex;}
