
@misc{evo-master,
    title = {Evo Master},
    howpublished = {\url{https://github.com/EMResearch/EvoMaster}},
    note = {zuletzt besucht: 15.06.2023}
}

@misc{karlsson2019quickrest,
    title={QuickREST: Property-based Test Generation of OpenAPI-Described RESTful APIs},
    author={Stefan Karlsson and Adnan Causevic and Daniel Sundmark},
    year={2019},
    eprint={1912.09686},
    archivePrefix={arXiv},
    primaryClass={cs.SE}
}

@misc{howtographql,
    title = {GraphQL is the better REST},
    howpublished = {\url{https://www.howtographql.com/basics/1-graphql-is-the-better-rest/}},
    note = {zuletzt besucht: 15.06.2023}
}

@misc{graphqlgraphen,
    title= {Explaining GraphQL Connections},
    howpublished = {\url{https://www.apollographql.com/blog/graphql/explaining-graphql-connections/}},
    note = {zuletzt besucht: 18.06.2023},
}


@misc{rest-test-gen,
    title = {Rest Test Gen},
    howpublished = {\url{https://github.com/SeUniVr/RestTestGen/}},
    note = {zuletzt besucht: 15.06.2023}
}

@misc{graphql-growing-report,
    title = {State of GraphQL 2022 survey},
    howpublished = {\url{https://blog.graphqleditor.com/state-of-graphql-2022}},
    note = {zuletzt besucht: 15.06.2023}
}

@misc{clojureserene,
    title = {Serene - Clojure.Spec from GraphQL Schema},
    howpublished = {\url{https://github.com/paren-com/serene}},
    note = {zuletzt besucht: 15.06.2023}
}

@misc{belhadi2022whitebox,
    title={White-Box and Black-Box Fuzzing for GraphQL APIs},
    author={Asma Belhadi and Man Zhang and Andrea Arcuri},
    year={2022},
    eprint={2209.05833},
    archivePrefix={arXiv},
    primaryClass={cs.SE}
}

@misc{graphqlspecification,
    title = {GraphQL-Specification},
    howpublished = {\url{https://spec.graphql.org/June2018/}},
    note = {zuletzt besucht: 16.06.2023}
}

@misc{clojuremalli,
    title = {Mali - Data Driven Specification Library for Clojure},
    howpublished = {\url{https://github.com/metosin/malli}},
    note = {zuletzt besucht: 15.06.2023}
}

@misc{clojurespec,
    title = {Clojure Spec - Data structure definiton},
    howpublished = {\url{https://clojure.org/guides/spec}},
    note = {zuletzt besucht: 15.06.2023}
}

@misc{networkx,
    title = {NetworkX - Network Analysis in Python},
    howpublished = {\url{https://networkx.org}},
    note = {zuletzt besucht: 06.07.2023}
}

@misc{networkxgithub,
    title = {NetworkX - Network Analysis in Python},
    howpublished = {\url{https://github.com/networkx/networkx}},
    note = {zuletzt besucht: 06.07.2023}
}

@misc{faker,
    title = {Faker},
    howpublished = {\url{https://faker.readthedocs.io/en/master/}},
    note = {zuletzt besucht: 06.07.2023}
}

@misc{fakergithub,
    title = {Faker - Faker is a Python package that generates fake data for you.},
    howpublished = {\url{https://github.com/joke2k/faker}},
    note = {zuletzt besucht: 06.07.2023}
}

@misc{pytest,
    title = {Pytest: Helps you write better programs},
    howpublished = {\url{https://docs.pytest.org/en/7.4.x/}},
    note = {zuletzt besucht: 06.07.2023}
}

@Book{software-testing,
    author  = "Paul Ammann & Jeff Offutt",
    title   = "Introduction to Software Testing",
    year    = 2008,
    isbn    = "978-0-521-88038-1"
}

@Book{graphentheorie,
    author = "Reinhard Diestel",
    title = {Graphentheorie},
    year = {2000},
    isbn = {3-540-67656-2},
}


@Article{property-based-testing,
    author  = "Stefan Karlsson, Adnan Causevic, Daniel Sundmark",
    title   = "Automatic Property-based Testing of GraphQL APIs",
    journal = "International Conference on Automation of Software Test",
    year    = "2021",
}
